<record><leader>00000cas a2200000 a 4500</leader><controlfield tag="001">9320230</controlfield><controlfield tag="008">830318c18979999nyuwr ne      0   a0eng c</controlfield><datafield ind1=" " ind2=" " tag="010"><subfield code="a">sn 83007173 </subfield></datafield><datafield ind1=" " ind2=" " tag="040"><subfield code="a">NSD</subfield><subfield code="b">eng</subfield><subfield code="c">NSD</subfield><subfield code="d">NYG</subfield><subfield code="d">NYS</subfield><subfield code="d">OCLCQ</subfield><subfield code="d">NYS</subfield><subfield code="d">KRTAS</subfield><subfield code="d">OCLCQ</subfield><subfield code="d">OCLCF</subfield><subfield code="d">OCLCO</subfield></datafield><datafield ind1=" " ind2=" " tag="012"><subfield code="m">1</subfield></datafield><datafield ind1="1" ind2=" " tag="022"><subfield code="a">0745-6484</subfield><subfield code="l">0745-6484</subfield><subfield code="2">1</subfield></datafield><datafield ind1="1" ind2=" " tag="029"><subfield code="a">AU@</subfield><subfield code="b">000020395355</subfield></datafield><datafield ind1=" " ind2=" " tag="032"><subfield code="a">504360</subfield><subfield code="b">USPS</subfield></datafield><datafield ind1=" " ind2=" " tag="037"><subfield code="b">The Southampton Press, Box 1207, Southampton, NY 11968</subfield></datafield><datafield ind1=" " ind2=" " tag="042"><subfield code="a">nsdp</subfield><subfield code="a">pcc</subfield></datafield><datafield ind1=" " ind2=" " tag="043"><subfield code="a">n-us-ny</subfield></datafield><datafield ind1="0" ind2=" " tag="130"><subfield code="a">Southampton press (Southampton, N.Y.)</subfield></datafield><datafield ind1=" " ind2="4" tag="222"><subfield code="a">The Southampton press</subfield></datafield><datafield ind1="1" ind2="0" tag="245"><subfield code="a">Southampton press.</subfield></datafield><datafield ind1=" " ind2=" " tag="250"><subfield code="a">Eastern ed.</subfield></datafield><datafield ind1=" " ind2=" " tag="260"><subfield code="a">Southampton, N.Y. :</subfield><subfield code="b">G.H. Burling,</subfield><subfield code="c">1897-</subfield></datafield><datafield ind1=" " ind2=" " tag="300"><subfield code="a">v. :</subfield><subfield code="b">ill.</subfield></datafield><datafield ind1=" " ind2=" " tag="310"><subfield code="a">Weekly</subfield></datafield><datafield ind1="0" ind2=" " tag="362"><subfield code="a">Vol. 1, no. 1 (May 29, 1897)-</subfield></datafield><datafield ind1=" " ind2=" " tag="500"><subfield code="a">"Incorporating the Bridgehampton News."</subfield></datafield><datafield ind1=" " ind2=" " tag="500"><subfield code="a">Later called "Eastern ed." &lt;1999&gt;.</subfield></datafield><datafield ind1=" " ind2=" " tag="580"><subfield code="a">Western ed.: Southampton press (Hampton Bays, N.Y.), 1996-&lt;1999&gt;.</subfield></datafield><datafield ind1=" " ind2=" " tag="588"><subfield code="a">Latest issue consulted: (Jan. 21, 1999).</subfield></datafield><datafield ind1=" " ind2="0" tag="651"><subfield code="a">Southampton (N.Y.)</subfield><subfield code="v">Newspapers.</subfield></datafield><datafield ind1=" " ind2="0" tag="651"><subfield code="a">Bridgehampton (N.Y.)</subfield><subfield code="v">Newspapers.</subfield></datafield><datafield ind1=" " ind2="0" tag="651"><subfield code="a">Suffolk County (N.Y.)</subfield><subfield code="v">Newspapers.</subfield></datafield><datafield ind1=" " ind2="7" tag="655"><subfield code="a">Newspapers.</subfield><subfield code="2">fast</subfield><subfield code="0">(OCoLC)fst01423814</subfield></datafield><datafield ind1=" " ind2="7" tag="651"><subfield code="a">New York (State)</subfield><subfield code="z">Bridgehampton.</subfield><subfield code="2">fast</subfield><subfield code="0">(OCoLC)fst01286951</subfield></datafield><datafield ind1=" " ind2="7" tag="651"><subfield code="a">New York (State)</subfield><subfield code="z">Southampton.</subfield><subfield code="2">fast</subfield><subfield code="0">(OCoLC)fst01226811</subfield></datafield><datafield ind1=" " ind2="7" tag="651"><subfield code="a">New York (State)</subfield><subfield code="z">Suffolk County.</subfield><subfield code="2">fast</subfield><subfield code="0">(OCoLC)fst01207260</subfield></datafield><datafield ind1=" " ind2=" " tag="752"><subfield code="a">United States</subfield><subfield code="b">New York</subfield><subfield code="c">Suffolk</subfield><subfield code="d">Southampton.</subfield></datafield><datafield ind1="1" ind2=" " tag="775"><subfield code="t">Southampton press (Hampton Bays, N.Y.)</subfield><subfield code="g">1996-&lt;1999&gt;</subfield><subfield code="w">(DLC)sn 96083627</subfield><subfield code="w">(OCoLC)35848586</subfield></datafield><datafield ind1="0" ind2="5" tag="780"><subfield code="t">Bridgehampton news</subfield><subfield code="g">Jan. 4, 1968</subfield><subfield code="w">(DLC)sn 84031077</subfield><subfield code="w">(OCoLC)11217742</subfield></datafield><datafield ind1="4" ind2=" " tag="856"><subfield code="3">Southampton Press On the Web</subfield><subfield code="u">http://www.shpress.com/</subfield></datafield><datafield ind1=" " ind2=" " tag="938"><subfield code="a">Kirtas Technologies, Inc.</subfield><subfield code="b">KRTS</subfield><subfield code="n">736285</subfield></datafield></record>